<record><leader>00000cas a2200000 a 4500</leader><controlfield tag="001">13684826</controlfield><controlfield tag="008">860604d18991982txuwr ne      0    0eng d</controlfield><datafield ind1=" " ind2=" " tag="010"><subfield code="a">sn 86064250 </subfield></datafield><datafield ind1=" " ind2=" " tag="040"><subfield code="a">KSH</subfield><subfield code="b">eng</subfield><subfield code="c">KSH</subfield><subfield code="d">NPT</subfield><subfield code="d">PPM</subfield><subfield code="d">OCL</subfield><subfield code="d">OCLCQ</subfield></datafield><datafield ind1=" " ind2=" " tag="042"><subfield code="a">msc</subfield></datafield><datafield ind1="0" ind2=" " tag="130"><subfield code="a">Miami chief (Miami, Tex.)</subfield></datafield><datafield ind1="1" ind2="4" tag="245"><subfield code="a">The Miami chief.</subfield></datafield><datafield ind1=" " ind2=" " tag="260"><subfield code="a">Miami, Tex. :</subfield><subfield code="b">Leslie L. Ladd</subfield></datafield><datafield ind1=" " ind2=" " tag="300"><subfield code="a">v. :</subfield><subfield code="b">ill. ;</subfield><subfield code="c">61 cm.</subfield></datafield><datafield ind1=" " ind2=" " tag="310"><subfield code="a">Weekly</subfield></datafield><datafield ind1="1" ind2=" " tag="362"><subfield code="a">Began in 1899.</subfield><subfield code="z">Cf. Ayer, 1925.</subfield></datafield><datafield ind1="0" ind2=" " tag="362"><subfield code="a">-v. 83, no. 40 (Mar. 18, 1982).</subfield></datafield><datafield ind1=" " ind2=" " tag="500"><subfield code="a">Publisher: Mrs. L.G. Waggoner (Mar. 23, 1922).</subfield></datafield><datafield ind1=" " ind2=" " tag="588"><subfield code="a">Description based on: Vol. 3, no. 43 (June 7, 1902).</subfield></datafield><datafield ind1=" " ind2=" " tag="752"><subfield code="a">United States</subfield><subfield code="b">Texas</subfield><subfield code="c">Roberts</subfield><subfield code="d">Miami.</subfield></datafield><datafield ind1="0" ind2="0" tag="785"><subfield code="t">Miami chief (Canadian, Tex.)</subfield><subfield code="w">(DLC)sn 83007903</subfield></datafield><datafield ind1="1" ind2=" " tag="029"><subfield code="a">AU@</subfield><subfield code="b">000020427600</subfield></datafield></record>